<record><leader>00000cas a2200000 a 4500</leader><controlfield tag="001">37185782</controlfield><controlfield tag="008">970624d19141922oruwr ne      0    0eng c</controlfield><datafield ind1=" " ind2=" " tag="010"><subfield code="a">sn 96088398 </subfield></datafield><datafield ind1=" " ind2=" " tag="040"><subfield code="a">OCN</subfield><subfield code="b">eng</subfield><subfield code="c">OCN</subfield><subfield code="d">OCLCQ</subfield><subfield code="d">ORU</subfield><subfield code="d">OCLCQ</subfield><subfield code="d">OCLCF</subfield><subfield code="d">OCLCO</subfield></datafield><datafield ind1=" " ind2=" " tag="042"><subfield code="a">pcc</subfield></datafield><datafield ind1=" " ind2=" " tag="043"><subfield code="a">n-us-or</subfield></datafield><datafield ind1="0" ind2=" " tag="130"><subfield code="a">Canby herald (Canby, Or. : 1914)</subfield></datafield><datafield ind1="1" ind2="4" tag="245"><subfield code="a">The Canby herald.</subfield></datafield><datafield ind1=" " ind2=" " tag="260"><subfield code="a">Canby, Or. :</subfield><subfield code="b">C.P. Leonard,</subfield><subfield code="c">1914-</subfield></datafield><datafield ind1=" " ind2=" " tag="300"><subfield code="a">v.</subfield></datafield><datafield ind1=" " ind2=" " tag="310"><subfield code="a">Weekly</subfield></datafield><datafield ind1="0" ind2=" " tag="362"><subfield code="a">Vol. 9, no. 36 (Oct. 1, 1914)-</subfield></datafield><datafield ind1="1" ind2=" " tag="362"><subfield code="a">Ceased in 1922.</subfield></datafield><datafield ind1=" " ind2=" " tag="500"><subfield code="a">1915-1916 includes newspaper published during school terms by Canby High School.</subfield></datafield><datafield ind1=" " ind2=" " tag="530"><subfield code="a">Also issued on microfilm from University of Oregon.</subfield></datafield><datafield ind1=" " ind2=" " tag="580"><subfield code="a">Merged with: Clackamas County news, to form: Canby herald and Clackamas County news.</subfield></datafield><datafield ind1=" " ind2=" " tag="588"><subfield code="a">Latest issue consulted: Vol. 11, no. 52 (Dec. 29, 1916).</subfield></datafield><datafield ind1=" " ind2="0" tag="651"><subfield code="a">Clackamas County (Or.)</subfield><subfield code="v">Newspapers.</subfield></datafield><datafield ind1=" " ind2="0" tag="651"><subfield code="a">Aurora (Or.)</subfield><subfield code="v">Newspapers.</subfield></datafield><datafield ind1=" " ind2="0" tag="651"><subfield code="a">Canby (Or.)</subfield><subfield code="v">Newspapers.</subfield></datafield><datafield ind1=" " ind2="7" tag="655"><subfield code="a">Newspapers.</subfield><subfield code="2">fast</subfield><subfield code="0">(OCoLC)fst01423814</subfield></datafield><datafield ind1=" " ind2="7" tag="651"><subfield code="a">Oregon</subfield><subfield code="z">Aurora.</subfield><subfield code="2">fast</subfield><subfield code="0">(OCoLC)fst01263596</subfield></datafield><datafield ind1=" " ind2="7" tag="651"><subfield code="a">Oregon</subfield><subfield code="z">Canby.</subfield><subfield code="2">fast</subfield><subfield code="0">(OCoLC)fst01221351</subfield></datafield><datafield ind1=" " ind2="7" tag="651"><subfield code="a">Oregon</subfield><subfield code="z">Clackamas County.</subfield><subfield code="2">fast</subfield><subfield code="0">(OCoLC)fst01218420</subfield></datafield><datafield ind1="0" ind2="2" tag="740"><subfield code="a">C.H.S. Lampoon.</subfield></datafield><datafield ind1="0" ind2="2" tag="740"><subfield code="a">Canby High School Lampoon.</subfield></datafield><datafield ind1=" " ind2=" " tag="752"><subfield code="a">United States</subfield><subfield code="b">Oregon</subfield><subfield code="c">Clackamas</subfield><subfield code="d">Canby.</subfield></datafield><datafield ind1="0" ind2="0" tag="780"><subfield code="t">Canby irrigator</subfield><subfield code="w">(DLC)sn 96088397</subfield><subfield code="w">(OCoLC)37185768</subfield></datafield><datafield ind1="1" ind2="7" tag="785"><subfield code="t">Clackamas County news</subfield><subfield code="w">(DLC)sn 96088399</subfield><subfield code="w">(OCoLC)37185801</subfield></datafield><datafield ind1="1" ind2="7" tag="785"><subfield code="t">Canby herald and Clackamas County news</subfield><subfield code="w">(DLC)sn 96088400</subfield><subfield code="w">(OCoLC)37185818</subfield></datafield></record>